


@article{good-dogs,
  title={Good Dogs of Cambridge},
  author={Boag, W.},
  journal={SIG TBD},
  year={2018},
  url = {http://sigtbd.csail.mit.edu/pubs/2018/sigtbd18-paper-5.pdf}
}

@article{dog-rates,
  title={WeRateDogs},
  author={@dog\_rates},
  year={2019},
  url = {https://twitter.com/dog_rates}
}


@article{cmu,
  title={Building Machine Learning Models via Comparisons},
  author={Yichong Xu},
  year={2019},
  url = {https://blog.ml.cmu.edu/2019/03/29/building-machine-learning-models-via-comparisons/}
}

@article{doug-the-pug,
  title={Doug the Pug},
  author={Everyone},
  journal={Wikipedia},
  year={2018},
  url = {https://en.wikipedia.org/wiki/Doug_the_Pug}
}


@article{tindog,
  title={Tinder for Dogs},
  author={A. Ma},
  journal={Huffington Post},
  year={2015},
  url = {https://www.huffpost.com/entry/tindog-tinder-for-dogs_n_55aea38ee4b08f57d5d2c264}
}


@article{meetmydog,
  title={Meet My Dog App},
  author={Play Until Dark LLC},
  year={2012},
  url = {http://meetmydogapp.com/}
}


@article{monkey-standing,
  title={Monkey loses selfie copyright case. Maybe monkey should sue PETA, appeals court suggests.},
  author={M. Flynn},
  journal={Washington Post},
  year={2018},
  url = {https://www.washingtonpost.com/news/morning-mix/wp/2018/04/24/monkey-loses-selfie-copyright-case-maybe-monkey-should-sue-peta-appeals-court-suggests/?utm_term=.7c8ee5d997ef}
}


@article{ml-breed-classification,
  title={Dogs And Machine Learning Come Together In An App},
  author={J.A. Lou},
  journal={The Bark},
  year={2016},
  url = {https://thebark.com/content/dogs-and-machine-learning-come-together-app}
}

@article{interpretable-dogs,
  author    = {M. T{\'{u}}lio Ribeiro and
               S. Singh and
               C. Guestrin},
  title     = {"Why Should I Trust You?": Explaining the Predictions of Any Classifier},
  journal   = {CoRR},
  volume    = {abs/1602.04938},
  year      = {2016},
  url       = {http://arxiv.org/abs/1602.04938},
}


@article{kaggle-breed-classification,
  title={Dog Breed Identification: Determine the breed of a dog in an image},
  author={Kaggle},
  year={2018},
  url = {https://www.kaggle.com/c/dog-breed-identification}
}


@inproceedings{dognet,
author = "Aditya Khosla and Nityananda Jayadevaprakash and Bangpeng Yao and Li Fei-Fei",
title = "Novel Dataset for Fine-Grained Image Categorization",
booktitle = "First Workshop on Fine-Grained Visual Categorization, IEEE Conference on Computer Vision and Pattern Recognition",
year = "2011",
month = "June",
address = "Colorado Springs, CO",
}
